<record><leader>00000cas a2200000 a 4500</leader><controlfield tag="001">29196970</controlfield><controlfield tag="008">931026d19691978mouwr ne      0    0eng c</controlfield><datafield ind1=" " ind2=" " tag="010"><subfield code="a">sn 93060087 </subfield></datafield><datafield ind1=" " ind2=" " tag="040"><subfield code="a">MQN</subfield><subfield code="b">eng</subfield><subfield code="c">MQN</subfield><subfield code="d">NVF</subfield><subfield code="d">OCLCQ</subfield><subfield code="d">OCLCF</subfield><subfield code="d">OCLCO</subfield><subfield code="d">OCLCA</subfield></datafield><datafield ind1="1" ind2=" " tag="029"><subfield code="a">AU@</subfield><subfield code="b">000025860245</subfield></datafield><datafield ind1=" " ind2=" " tag="042"><subfield code="a">pcc</subfield></datafield><datafield ind1=" " ind2=" " tag="043"><subfield code="a">n-usc--</subfield><subfield code="a">n-us-mo</subfield></datafield><datafield ind1="0" ind2=" " tag="130"><subfield code="a">Journal of livestock &amp; agriculture (Saint Joseph, Mo. : 1969)</subfield></datafield><datafield ind1="1" ind2="4" tag="245"><subfield code="a">The Journal of livestock &amp; agriculture.</subfield></datafield><datafield ind1="3" ind2=" " tag="246"><subfield code="a">Journal of livestock and agriculture</subfield></datafield><datafield ind1=" " ind2=" " tag="260"><subfield code="a">St. Joseph, Mo. :</subfield><subfield code="b">Herbert Pub. Co.,</subfield><subfield code="c">1969-1978.</subfield></datafield><datafield ind1=" " ind2=" " tag="300"><subfield code="a">v.</subfield></datafield><datafield ind1=" " ind2=" " tag="310"><subfield code="a">Weekly</subfield></datafield><datafield ind1="0" ind2=" " tag="362"><subfield code="a">Vol. 9, no. 4 (July 24, 1969)-v. 17, no. 49 (June 7, 1978).</subfield></datafield><datafield ind1=" " ind2="0" tag="650"><subfield code="a">Agriculture</subfield><subfield code="z">Middle West</subfield><subfield code="v">Newspapers.</subfield></datafield><datafield ind1=" " ind2="0" tag="650"><subfield code="a">Livestock</subfield><subfield code="z">Missouri</subfield><subfield code="v">Newspapers.</subfield></datafield><datafield ind1=" " ind2="0" tag="651"><subfield code="a">Saint Joseph (Mo.)</subfield><subfield code="v">Newspapers.</subfield></datafield><datafield ind1=" " ind2="7" tag="655"><subfield code="a">Newspapers.</subfield><subfield code="2">fast</subfield><subfield code="0">(OCoLC)fst01423814</subfield></datafield><datafield ind1=" " ind2="7" tag="650"><subfield code="a">Agriculture.</subfield><subfield code="2">fast</subfield><subfield code="0">(OCoLC)fst00801355</subfield></datafield><datafield ind1=" " ind2="7" tag="650"><subfield code="a">Livestock.</subfield><subfield code="2">fast</subfield><subfield code="0">(OCoLC)fst01000722</subfield></datafield><datafield ind1=" " ind2="7" tag="651"><subfield code="a">Middle West.</subfield><subfield code="2">fast</subfield><subfield code="0">(OCoLC)fst01240052</subfield></datafield><datafield ind1=" " ind2="7" tag="651"><subfield code="a">Missouri.</subfield><subfield code="2">fast</subfield><subfield code="0">(OCoLC)fst01204724</subfield></datafield><datafield ind1=" " ind2="7" tag="651"><subfield code="a">Missouri</subfield><subfield code="z">Saint Joseph.</subfield><subfield code="2">fast</subfield><subfield code="0">(OCoLC)fst01211419</subfield></datafield><datafield ind1=" " ind2=" " tag="752"><subfield code="a">United States</subfield><subfield code="b">Missouri</subfield><subfield code="c">Buchanan</subfield><subfield code="d">Saint Joseph.</subfield></datafield><datafield ind1="0" ind2="0" tag="780"><subfield code="t">Journal for progressive stockmen, farming and businessmen</subfield><subfield code="w">(DLC)sn 93060086</subfield></datafield><datafield ind1="0" ind2="0" tag="785"><subfield code="t">St. Joseph journal of livestock and agriculture</subfield><subfield code="w">(DLC)sn 78004117</subfield></datafield></record>